<record xmlns:xsi="http://www.w3.org/2001/XMLSchema-instance" xmlns="http://www.loc.gov/MARC21/slim" xsi:schemaLocation="http://www.loc.gov/MARC21/slim http://www.loc.gov/standards/marcxml/schema/MARC21slim.xsd">

  <leader>01145nam a2200277Ia 4500</leader>
  <datafield ind1=" " tag="999" ind2=" ">
    <subfield code="c">600</subfield>
    <subfield code="d">600</subfield>
  </datafield>
  <controlfield tag="008">170307b2010    cr ||||| |||| 00| | spa d</controlfield>
  <datafield ind1=" " ind2=" " tag="020">
    <subfield code="a">9789968527101</subfield>
  </datafield>
  <datafield ind1=" " ind2=" " tag="090">
    <subfield code="a">06.03.04 </subfield>
    <subfield code="b">1379</subfield>
  </datafield>
  <datafield ind1="1" tag="100" ind2=" ">
    <subfield code="9">759</subfield>
    <subfield code="a">García Fallas, Jacqueline</subfield>
  </datafield>
  <datafield ind1="1" ind2="0" tag="245">
    <subfield code="a">Comunidad virtual de aprendizaje: un espacio para la formación ambiental / </subfield>
    <subfield code="c">Jacqueline García Fallas; Lidia Mayela Hernández Rojas; Claudia Zúñiga Vega; Elizabeth Arnáez Serrano; Claudia Charpantier Esquivel; María de los Angeles Carrillo Delgado</subfield>
  </datafield>
  <datafield ind1=" " tag="260" ind2=" ">
    <subfield code="a">San José, Costa Rica : </subfield>
    <subfield code="b">INIE, </subfield>
    <subfield code="c">2010</subfield>
  </datafield>
  <datafield ind1=" " tag="300" ind2=" ">
    <subfield code="a">88 páginas</subfield>
  </datafield>
  <datafield ind1=" " tag="490" ind2=" ">
    <subfield code="a">Colección Yiguirro</subfield>
  </datafield>
  <datafield ind1="1" tag="650" ind2="4">
    <subfield code="a">EDUCACIÓN AMBIENTAL </subfield>
    <subfield code="9">439</subfield>
  </datafield>
  <datafield ind1="1" tag="650" ind2="4">
    <subfield code="a">TECNOLOGÍA EDUCATIVA </subfield>
    <subfield code="9">483</subfield>
  </datafield>
  <datafield ind2="4" tag="650" ind1="1">
    <subfield code="9">8</subfield>
    <subfield code="a">EDUCACIÓN SUPERIOR</subfield>
  </datafield>
  <datafield ind1="1" tag="650" ind2="4">
    <subfield code="a">INVESTIGACIÓN ACCIÓN</subfield>
    <subfield code="9">1072</subfield>
  </datafield>
  <datafield ind2="4" tag="650" ind1="1">
    <subfield code="a">CONSTRUCTIVISMO (EDUCACIÓN)</subfield>
    <subfield code="9">419</subfield>
  </datafield>
  <datafield ind2=" " tag="700" ind1="1">
    <subfield code="9">233</subfield>
    <subfield code="a">Hernández Rojas, Lidia</subfield>
  </datafield>
  <datafield ind1="1" tag="700" ind2=" ">
    <subfield code="a">Zúñiga Vega, Claudia</subfield>
    <subfield code="9">2520</subfield>
  </datafield>
  <datafield ind1="1" ind2=" " tag="700">
    <subfield code="a">Rojas Núñez, Patricia</subfield>
    <subfield code="9">738</subfield>
  </datafield>
  <datafield ind1="1" tag="700" ind2=" ">
    <subfield code="a">Arnáez Serrano, Elizabeth</subfield>
    <subfield code="9">2521</subfield>
  </datafield>
  <datafield tag="700" ind2=" " ind1="1">
    <subfield code="9">232</subfield>
    <subfield code="a">Charpentier Esquivel, Claudia</subfield>
  </datafield>
  <datafield ind1="1" ind2=" " tag="700">
    <subfield code="a">Carrillo Delgado, María de los Ángeles</subfield>
    <subfield code="9">2522</subfield>
  </datafield>
  <datafield ind1=" " tag="942" ind2=" ">
    <subfield code="2">z</subfield>
    <subfield code="c">04</subfield>
  </datafield>
</record>